

@inproceedings{Antiplugin,
  title={Anti-Plugin: Don't let your app play as an Android plugin},
  author={Tongbo Luo and Cong Zheng and Zhi Xu and Xin Ouyang},
  booktitle={Proceedings of Blackhat Asia 2017},
  pages={},
  year={2017},
  organization={}
}




@Misc{DroidPlugin,
  title = {DroidPlugin},
  year  = {2020},
  note  = {Last access June 2020},
  url   = {https://github.com/DroidPluginTeam/DroidPlugin},
}

@Misc{DynamicAPK,
  title = {DynamicAPK},
  year  = {2020},
  note  = {Last access June 2020},
  url   = {https://github.com/CtripMobile/DynamicAPK},
}

@Misc{DynamicProxy,
  title = {Dynamic Proxy Classes},
  year  = {2020},
  note  = {Last access June 2020},
  url   = {https://docs.oracle.com/javase/8/docs/technotes/guides/reflection/proxy.html},
}



@Misc{KasperskyMalwareNumber,
  title = {Mobile threat statistics},
  year  = {2019},
  note  = {Last access June 2020},
  url   = {https://securelist.com/it-threat-evolution-q3-2019-statistics/95269/},
}



@Misc{multipleAccounts,
  title = {Multiple Accounts:Parallel App},
  year  = {2020},
  note  = {Last access June 2020},
  url   = {https://play.google.com/store/apps/details?id=com.excelliance.multiaccounts},
}

@Misc{parallelAccounts,
  title = {Parallel Accounts},
  year  = {2020},
  note  = {Last access June 2020},
  url   = {https://play.google.com/store/apps/details?id=com.in.parallel.accounts},
}

@Misc{ParallelSpace,
  title = {Parallel Space - FMulti Account},
  year  = {2020},
  note  = {Last access June 2020},
  url   = {https://play.google.com/store/apps/details?id=com.lbe.parallel.intl},
}

@Misc{parallelAccounts,
  title = {Parallel Accounts},
  year  = {},
  note  = {Last access June 2020},
  url   = {https://play.google.com/store/apps/details?id=com.in.parallel.accounts},
}

@Misc{GoMultiple,
  title = {Parallel Accounts},
  year  = {},
  note  = {Last access June 2020},
  url   = {https://play.google.com/store/apps/details?id=io.multiacount.whatsmulti},
}


@Misc{Proxy,
  title = {Java Proxy Class},
  year  = {2020},
  note  = {Last access June 2020},
  url   = {https://docs.oracle.com/javase/7/docs/api/java/lang/reflect/Proxy.html},
}


@Misc{VirtualApp,
  title = {VirtualApp},
  year  = {2020},
  note  = {Last access June 2020},
  url   = {https://github.com/asLody/VirtualApp},
}


@misc{whale,
author ={Whale},
year ={2020},
title ={},
note ={},
url ={https://github.com/asLody/whale},
month ={},
lastaccessed = {June 2020},
}

@inproceedings{DiPrint,
author = {Shi, Luman and Fu, Jianming and Guo, Zhengwei and Ming, Jiang},
title = {“Jekyll and Hyde” is Risky: Shared-Everything Threat Mitigation in Dual-Instance Apps},
year = {2019},
isbn = {9781450366618},
publisher = {Association for Computing Machinery},
address = {New York, NY, USA},
url = {https://doi.org/10.1145/3307334.3326072},
doi = {10.1145/3307334.3326072},
booktitle = {Proceedings of the 17th Annual International Conference on Mobile Systems, Applications, and Services},
pages = {222–235},
numpages = {14},
keywords = {android application-layer virtualization, shared-everything threat, dynamic detection},
location = {Seoul, Republic of Korea},
series = {MobiSys ’19}
}

@article{NJAS,
author = {Bianchi, Antonio and Fratantonio, Yanick and Kruegel, Christopher and Vigna, Giovanni},
 title = {NJAS: Sandboxing Unmodified Applications in Non-rooted Devices Running Stock Android},
 booktitle = {Proceedings of the 5th Annual ACM CCS Workshop on Security and Privacy in Smartphones and Mobile Devices},
 series = {SPSM '15},
 year = {2015},
 isbn = {978-1-4503-3819-6},
 location = {Denver, Colorado, USA},
 pages = {27--38},
 numpages = {12},
 url = {http://doi.acm.org/10.1145/2808117.2808122},
 doi = {10.1145/2808117.2808122},
 acmid = {2808122},
 publisher = {ACM},
 address = {New York, NY, USA},
 keywords = {android, code sandboxing, mobile security, system call interposition},
}

@inproceedings {Boxify,
author = {Michael Backes and Sven Bugiel and Christian Hammer and Oliver Schranz and Philipp von Styp-Rekowsky},
title = {Boxify: Full-fledged App Sandboxing for Stock Android},
booktitle = {24th {USENIX} Security Symposium ({USENIX} Security 15)},
year = {2015},
isbn = {978-1-931971-232},
address = {Washington, D.C.},
pages = {691--706},
url = {https://www.usenix.org/conference/usenixsecurity15/technical-sessions/presentation/backes},
publisher = {{USENIX} Association},
}

@Misc{TencentSecLab,
 title = {Tencent TRP-AI anti-virus white paper},
 year = {2018},
 url = {https://slab.qq.com/news/authority/1744.html},

}


